@STRING{TPAMI = "IEEE Transactions on Pattern Analysis and Machine Intelligence"}
@STRING{PAMI = "IEEE Transactions on Pattern Analysis and Machine Intelligence"}
@STRING{IJCV = "International Journal of Computer Vision"}
@STRING{CVIU = "Computer Vision and Image Understanding (CVIU)"}
@STRING{CVGIP = "Computer Vision, Graphics, and Image Processing: Image
Understanding (CVGIP:IU)"}
@STRING{MVA = "IAPR International Conference on Machine Vision Applications"}
@STRING{PR = "Pattern Recognition"}
@STRING{PRL = "Pattern Recognition Letters"}
@STRING{IVC = "Image and Vision Computing"}

@STRING{FTCGV = "Foundations and Trends in Computer Graphics and Vision"}

@STRING{JSC = "Journal of Scientific Computing"}

@STRING{JCN = "Journal of Cognitive Neuroscience"}
@STRING{JEPHPP = "Journal of Experimental Psychology: Human Perception and Performance"}
@STRING{JECP = "Journal of Experimental Child Psychology"}
@STRING{BBS = "Behavioral and Brain Sciences"}
@STRING{VR = "Vision Research"}
@STRING{AI = "Artificial Intelligence"}
@STRING{SIGMOD = "ACM SIGMOD"}

@STRING{CGA = "IEEE Computer Graphics \& Applications"}
@STRING{PRESENCE = "PRESENCE: Teleoperators and Virtual Environments"}
@STRING{TCHI = "ACM Transactions on Computer-Human Interaction"}
@STRING{CACM = "Communications of the ACM"}
@STRING{TACM = "Transactions of the ACM"}
@STRING{TC = "Transactions on Communications"}
@STRING{TSE = "IEEE Transactions on Software Engineering"}
@STRING{TMS = "IEEE Transactions on Mathematical Software"}
@STRING{TIP = "Transactions on Image Processing"}
@STRING{TIS = "IEICE Transactions on Information and Systems"}
@STRING{TAC = "IEEE Transactions on Automatic Control"}
@STRING{TITS = "IEEE Transactions on Intelligent Transportation Systems"}
@STRING{TVT = "IEEE Transactions on Vehicular Technologies"}
@STRING{JRS = "Journal of Robotic Systems"}
@STRING{ML = "Machine Learning"}
@STRING{AR = "Autonomous Robots"}

@STRING{TOG = "ACM Transactions on Graphics"}
@STRING{FCGV = "Foundations of Computer Graphics and Vision"}

@STRING{ANNSTAT = "The Annals of Statistics"}
@STRING{ANNTEL = "Annales des T{\'{e}}l{\'{e}}communications"}
@STRING{JC = "Journal of Classification"}
@STRING{CAD = "Les Cahiers de l'Analyse des Donn\'ees"}
@STRING{JMLR = "Journal of Machine Learning Research"}

%JOE
@STRING{JOE = "IEEE Journal of Oceanic Engineering"}

%JIVP
@STRING{JIVP = "EURASIP Journal on Image and Video Processing"}

%SPL
@STRING{SPL = "IEEE Signal Processing Letters"}

%IJCSI
@STRING{IJCSI = "International Journal of Computer Science Issues"}

%ICCV
@STRING{ICCV = "International Conference on Computer Vision"}

%ECCV
@STRING{ECCV = "European Conference on Computer Vision"}

%CVPR
@string{CVPR = "IEEE Conference on Computer Vision and Pattern Recognition"}

%ACCV
@string{ACCV = "Asian Conference on Computer Vision"}

%ICPR
@string{ICPR = "International Conference on Pattern Recogntion"}

%BMVC:
@string{BMVC = "British Machine Vision Conference"}

% AGM/GCPR
@string{DAGM = "DAGM Annual Pattern Recognition Symposium"}
@string{GCPR = "German Conference on Pattern Recognition"}

%3DPVT
@string{TDPVT = "International Symposium on 3D Data Processing, Visualization, and Transmission (3DPVT)"}

%3DIMPVT
@string{TDIMPVT = "IEEE International Conference on 3D Imaging, Modeling, Processing, Visualization and Transmission"}

%CAIP:
@string{CAIP = "International Conference on Analysis of Images and Patterns"}

%IJCAI
@string{IJCAI = "International Joint Conference on Artificial Intelligence"}

%NIPS
@string{NIPS = "Neural Information Processing Systems"}

%ICML
@string{ICML = "International Conference on Machine Learning"}

%Face & Gesture
@string{FG = "IEEE International Conference on Automatic Face and Gesture Recognition"}

%CDC
@string{CDC = "IEEE Conference on Decision and Control"}

%3DRR
@string{TDRR = "ICCV Workshop on 3D Representation and Recognition"}

%IROS
@string{IROS = "Intelligent Robots and Systems"}

%ICRA
@string{ICRA = "IEEE International Conference on Robotics and Automation"}

%SIGGRAPH
@string{SIGGRAPH = "ACM SIGGRAPH"}

%ICIP
@string{ICIP = "International Conference on Image Processing"}

%ICASSP
@STRING{ICASSP = "IEEE Conference on Acoustics, Speech and Signal Processing"}

%EUROCOLT
@string{EUROCOLT = "European Conference on Computational Learning Theory"}

%ICME
@string{ICME = "International Conference on Multimedia \& Expo"}

%JFR
@string{JFR = "Journal of Field Robotics"}

%PCVIA
@string{PCVIA = "Photogrammetric Computer Vision and Image Analysis"}

%RSS
@string{RSS = "Robotics: Science and Systems Conference"}

%UAI
@string{UAI = "Conference on Uncertainty in Artificial Intelligence"}

%IVS
@string{IVS = "IEEE Intelligent Vehicles Symposium"}

%ISRR
@string{ISRR = "International Symposium on Robotics Research"}

%ITSC
@string{ITSC = "IEEE Intelligent Transportation Systems Conference"}

%AAAI
@string{AAAI = "Conference on Artificial Intelligence"}

%RAS
@string{RAS = "Robotics and Autonomous Systems"}

%IJRR
@string{IJRR = "International Journal of Robotics Research"}

%WACV
@string{WACV = "Winter Conference on Applications of Computer Vision"}

%ICME
@string{ICME = "IEEE International Conference on Multimedia and Expo"}

%ICLR
@string{ICLR = "International Conference on Learning Representations"}

%IAS
@string{IAS = "International Conference on Intelligent Autonomous Systems"}

%ROMAN
@string{ROMAN = "IEEE International Symposium on Robot and Human Interactive Communication"}

%VCIP
@string{VCIP = "IEEE Visual Communications and Image Processing"}

%TCSVT
@string{TCSVT = "IEEE Transactions on Circuits and Systems for Video Technology"}

%ISCAS
@string{ISCAS = "IEEE International Symposium on Circuits and Systems"}

%FutureTech
@string{FutureTech = "International Conference on Future Information Technology"}

%IJSR
@string{IJSR = "International Journal of Social Robotics"}

%SPIE VCIP
@string{SPIEVCIP = "SPIE Symposium on Visual Communications and Image Processing"}

%CVWW
@string{CVWW = "Computer Vision Winter Workshop"}

%CoRR
@string{CORR = "Computing Research Repository"}

%EMMCVPR
@string{EMMCVPR = "Energy Minimization Methods in Computer Vision and Pattern Recognition"}

%SCIA
@string{SCIA = "Scandinavian Conference Image Analysis"}

%TM
@string{TM = "IEEE Transactions on Multimedia"}

%WMVC
@string{WMVC = "Workshop on Motion and Video Computing"}

%ICPR
@string{ICPR = "International Conference on Pattern Recognition"}

%MVML
@string{MVML = "Conference on Machine Vision and Machine Learning"}

%IWIP
@string{IWIP = "International Workshop on Image Processing"}

%VISAPP
@string{VISAPP = "International Conference on Computer Vision Theory and Application"}

%IPTA
@string{IPTA = "International Conference on Image Processing Theory, Tools and Applications"}

%IPA
@string{IPA = "International Conference on Image Processing and its Applications"}

%CVMMMBIA
@string{CVMMMBIA = "ECCV Workshops on Computer Vision and Mathematical Methods in Medical and Biomedical Image Analysis"}

%IRBM
@string{IRBM = "Innovation and Research in BioMedical Engineering"}

%GHTCE
@string{GHTCE = "IEEE Global High Tech Congress on Electronics"}

%ISVC
@string{ISVC = "International Symposium on I/V Communications and Mobile Network"}

%IJSIP
@string{IJSIP = "International Journal of Signal Processing, Image Processing and Pattern Recognition"}

%ISCE
@string{ISCE = "International Symposium on Consumer Electronics"}

%CRV
@string{CRV = "Conference on Computer and Robot Vision"}

%SSIAI
@string{SSIAI = "IEEE Southwest Symposium on Image Analysis and Interpretation"}

%PCM
@string{PCM = "Pacific-Rim Conference on Multimedia"}

%FUSION
@string{FUSION = "International Conference on Information Fusion"}

%SPIC
@string{SPIC = "Signal Processing: Image Communication"}

%ICCVW
@string{ICCVW = "International Conference on Computer Vision Workshops"}

%DICTA
@string{DICTA = "International Conference on Digital Image Computing Techniques and Applications"}

%MICCAI
@string{MICCAI = "International Conference onMedical Image Computing and Computer Assisted Interventions"}

%TMI
@string{TMI = "IEEE Transactions on Medical Imaging"}
