% ============================================================
% history

% http://www.vsi.cs.uni-frankfurt.de/download/SPIE88RM.pdf
@inproceedings{MesterFranke:1988,
	title = {Statistical Model Based Image Segmentation using Region Growing, Contour Relaxation and Classification},
	author = {R. Mester and U. Franke},
	booktitle = SPIEVCIP,
	year = {1988},
	pages = {616--624},
	_month = {October},
	_organization = {International Society for Optics and Photonics}
}

% MarcoteguiMeyer:1997

% ============================================================
% evaluated superpixel algorithms \/

% SLIC Superpixels
@techreport{AchantaShajiSmithLucchiFuaSuesstrunk:2010,
    author = {R. Achanta and A. Shaji and K. Smith and A. Lucchi and P. Fua and S. S{\"u}sstrunk},
    title = {{SLIC} Superpixels},
    institution = {{\'E}cole Polytechnique F{\'e}d{\'e}rale de Lausanne},
    year = {2010},
    _address = {Lusanne, Switzerland},
    _month = {June},
}

    % jSLIC
    @inproceedings{BorovecKybic:2014,
        author = {J. Borovec and J. Kybic},
        title = {{jSLIC}: Superpixels in {ImageJ}},
        booktitle = CVWW,
        year = {2014},
	    pages = {14--18},
    }

    % gSLIC
    @techreport{RenReid:2011,
        author = {C. Y. Ren and I. Reid},
        title = {{gSLIC}: a real-time implementation of {SLIC} superpixel segmentation},
        institution = {University of Oxford},
        year = {2011},
        _address = {Oxford, England},
    }

% FH - Felzenswalb & Huttenlocher Superpixels
@article{FelzenswalbHuttenlocher:2004,
    author = {P. F. Felzenswalb and D. P. Huttenlocher},
    title = {Efficient Graph-Based Image Segmentation},
    journal = IJCV,
    volume = {59},
    number = {2},
    pages = {167--181},
    year = {2004},
    _publisher = {Kluwer Academic Publishers},
}

% ERS - Entropy Rate Superpixels
@inproceedings{LiuTuzelRamalingamChellappa:2011,
    author = {M. Y. Lui and O. Tuzel and S. Ramalingam and R. Chellappa},
    title = {Entropy Rate Superpixel Segmentation},
    booktitle = CVPR,
    year = {2011},
    pages = {2097--2104},
    _month = {June},
    _address = {Providence, Rhode Island},
}

% TP - TurboPixels
@article{LevinshteinStereKutulakosFleetDickinsonSiddiqi:2009,
    author = {A. Levinshtein and A. Stere and K. N. Kutulakos and D. J. Fleet and S. J. Dickinson and K. Siddiqi},
    title = {{TurboPixels}: Fast Superpixels Using Geometric Flows},
    journal = TPAMI,
    year = {2009},
    volume = {31},
    number = {12},
    pages = {2290-2297},
    _month = {December},
}

% SL - Superpixels Lattices
@inproceedings{MoorePrinceWarrellMohammedJones:2008,
    author = {A. P. Moore and S. J. D. Prince and J. Warrell and U. Mohammed and G. Jones},
    title = {Superpixel Lattices},
    booktitle = CVPR,
    year = {2008},
    pages = {1--8},
    _month = {June},
    _address = {Anchorage, Alaska},
}

% Lattice Cut
@inproceedings{MoorePrinceWarrell:2010,
    author = {A. P. Moore and S. J. D. Prince and J. Warrell},
    title = {Lattice Cut - Constructing Superpixels Using Layer Constraints},
    booktitle = CVPR,
    year = {2010},
    pages = {2117--2124},
    _month = {June},
    _address = {San Francisco, California},
}

% NC - Superpixel NCut
@inproceedings{RenMalik:2003,
    author = {X. Ren and J. Malik},
    title = {Learning a Classification Model for Segmentation},
    booktitle = ICCV,
    year = {2003},
    pages = {10--17},
    _month = {October},
    _address = {Nice, France},
}

    % Superpixel NCut Reference #1
    @inproceedings{Mori:2005,
	    author = {G. Mori},
	    booktitle = ICCV,
	    title = {Guiding model search using segmentation},
	    year = {2005},
	    pages = {1417--1423},
	    _month = {October},
	    _address = {Beijing, China}
    }

    % Superpixel NCut Reference #2
    @inproceedings{MoriRenEfrosMalik:2004,
	    author = {G. Mori and X. Ren and A. A. Efros and J. Malik},
	    booktitle = CVPR,
	    title = {Recovering human body configurations: combining segmentation and recognition},
	    year = {2004},
	    pages = {326--333},
	    _month = {June},
	    _address = {Washington, D.C.},
    }

    % NCut
    @article{ShiMalik:2000,
        author = {J. Shi and J. Malik},
        title = {Normalized Cuts and Image Segmentation},
        journal = TPAMI,
        year = {2000},
        volume = {22},
        number = {8},
        pages = {888--905},
        _month = {August},
    }

% CIS - Compact Superpixels and Constant Intensity Superpixels
@incollection{VekslerBoykovMehrani:2010,
    author = {O. Veksler and Y. Boykov and P. Mehrani},
    title = {Superpixels and Supervoxels in an Energy Optimization Framework},
    booktitle = ECCV,
    volume = {6315},
    year = {2010},
    pages = {211--224},
    _series = {Lecture Notes in Computer Science},
    _publisher = {Springer Berlin Heidelberg},
}

% PB - Pseudo-Boolean Optimization Superpixels
@inproceedings{ZhangHartleyMashfordBurn:2011,
    author = {Y. Zhang and R. Hartley and J. Mashford and S. Burn},
    title = {Superpixels via Pseudo-Boolean Optimization},
    booktitle = ICCV,
    year = {2011},
    pages = {1387--1394},
    _month = {November},
    _address = {Barcelona, Spain},
}

	% PB #2
	@inproceedings{CarrHartley:2009,
		author = {P. Carr and R. I. Hartley},
		title = {Minimizing energy functions on 4-connected lattices using elimination},
		booktitle = ICCV,
		pages = {2042--2049},
		year = {2009},
		_address = {Kyoto, Japan},
		_month = {September},
	}

% QS - QuickShift
@incollection{VedaldiSoatto:2008,
    author = {A. Vedaldi and S. Soatto},
    title = {Quick Shift and Kernel Methods for Mode Seeking},
    booktitle = ECCV,
    volume = {5305},
    year = {2008},
    pages = {705--718},
    _series = {Lecture Notes in Computer Science},
    _publisher = {Springer Berlin Heidelberg},
}

% SEEDS #1
@incollection{VanDenBerghBoixRoigCapitaniVanGool:2012,
    author = {M. van den Bergh and X. Boix and G. Roig and B. de Capitani and L. van Gool},
    title = {{SEEDS}: Superpixels Extracted via Energy-Driven Sampling},
    booktitle = ECCV,
    volume = {7578},
    year = {2012},
    pages = {13--26},
    _series = {Lecture Notes in Computer Science},
    _publisher = {Springer Berlin Heidelberg},
}

% SEEDS #2
@article{VanDenBerghBoixRoigVanGool:2013,
    author = {M. van den Bergh and X. Boix and G. Roig and B. de Capitani and L. van Gool},
	title = {{SEEDS}: Superpixels Extracted via Energy-Driven Sampling},
	journal = CORR,
	volume = {abs/1309.3848},
	year = {2013},
}
% DASP - Depth-Adaptive Superpixels
@inproceedings{WeikersdorferGossowBeetz:2012,
    author = {D. Weikersdorfer and D. Gossow and M. Beetz},
    title = {Depth-Adaptive Superpixels},
    booktitle = ICPR,
    year = {2012},
    pages = {2087--2090},
    _month = {November},
    _address = {Tsukuba, Japan},
}

% VCCS Superpixels
@inproceedings{PaponAbramovSchoelerWoergoetter:2013,
    author = {J. Papon and A. Abramov and M. Schoeler and F. W{\"o}rg{\"o}tter},
    title = {Voxel Cloud Connectivity Segmentation - Supervoxels for Point Clouds},
    booktitle = CVPR,
    year = {2013},
    pages = {2027--2034},
    _month = {June},
    _address = {Portland, Oregon},
}

% CRS #1 - Contour-Relaxed Superpixels
@incollection{ConradMertzMester:2013,
    author = {C. Conrad and M. Mertz and R. Mester},
    title = {Contour-Relaxed Superpixels},
    year = {2013},
    booktitle = EMMCVPR,
    pages = {280--293},
    _volume = {8081},
    _series = {Lecture Notes in Computer Science},
    _publisher = {Springer Berlin Heidelberg},
}

% CRS #2
@incollection{MesterConradGuevara:2011,
    author = {R. Mester and C. Conrad and A. Guevara},
    title = {Multichannel Segmentation Using Contour Relaxation: Fast Super-Pixels and Temporal Propagation},
    year = {2011},
    booktitle = SCIA,
    pages = {250--261},
    _volume = {6688},
    _series = {Lecture Notes in Computer Science},
    _publisher = {Springer Berlin Heidelberg},

}

% TPS #2 - Topology Preserved Superpixels
@inproceedings{DaiTangHuazhaFuXiaochunCao:2012,
	author = {D. Tang and H. Fu and X. Cao},
	booktitle = ICME,
	title = {Topology Preserved Regular Superpixel},
	year = {2012},
	pages = {765--768},
	_month = {July},
	_address = {Melbourne, Australia},
}

% TPS #1 - Regularity Preserved Superpixels and Supervoxels
@article{HuazhuFuXiaochunCaoDaiTangYahongHanDongXu:2014,
	author = {H. Fu and X. Cao and D. Tang and Y. Han and D. Xu},
	journal = TM,
	title = {Regularity Preserved Superpixels and Supervoxels},
	year = {2014},
	volume = {16},
	number = {4},
	pages = {1165--1175},
	_month = {June},
}

% PF - Superpixels from Strong Paths
@inproceedings{DruckerMacCormick:2009,
	author = {F. Drucker and J. {MacCormick}},
	booktitle = WMVC,
	title = {Fast superpixels for video analysis},
	year = {2009},
	pages = {1--8},
	_month = {December},
	_address = {Snowbird, Utah},
}

% CW, preSLIC
@inproceedings{NeubertProtzel:2014,
    author= {P. Neubert and P. Protzel},
    title= {Compact Watershed and Preemptive {SLIC:} On Improving Trade-offs of Superpixel Segmentation Algorithms},
    booktitle = ICPR,
    pages= {996--1001},
    year= {2014},
    _address = {Stockholm, Sweden},
    _month = {August},
}

% EAMS #1
@article{ComaniciuMeer:2002,
    author = {D. Comaniciu and P. Meer},
    title = {Mean Shift: {A} Robust Approach Toward Feature Space Analysis},
    journal = TPAMI,
    volume = {24},
    number = {5},
    pages = {603--619},
    year = {2002},
}

% EAMS #2
@article{MeerGeorgescu:2001,
    author = {P. Meer and B. Georgescu},
    title = {Edge Detection with Embedded Confidence},
    journal = TPAMI,
    volume = {23},
    number = {12},
    pages = {1351--1365},
    year = {2001},
}

% MSS
@inproceedings{BenesovaKottman:2014,
    author = {W. Benesova and M. Kottman},
    title = {Fast Superpixel Segmentation Using Morphological Processing},
    booktitle = MVML,
    year = {2014},
    _address = {Prague, Czech Republic},
    _month = {August},
}

    % Watershed cited by MSS
    @inproceedings{BeucherLantueoul:1979,
        author = {S. Beucher and C. Lantuéjoul},
        title = {Use of Watersheds in Contour Detection},
        year = {1979},
        booktitle = IWIP,
        _month = {September},
        _address = {Rennes, France},
    }

% SEAW
@inproceedings{StrassburgGrzeszickRothackerFink:2015,
    author = {J. Strassburg and R. Grzeszick and L. Rothacker and G. A. Fink},
    title= {On the Influence of Superpixel Methods for Image Parsing},
    booktitle = VISAPP,
    pages= {518--527},
    year= {2015},
    _address = {Berlin, Germany},
    _month = {March},
}

% W
@inproceedings{Meyer:1992,
    author = {F. Meyer},
    booktitle = IPA,
    title = {Color image segmentation},
    year = {1992},
    pages = {303--306},
}

% WP #3
@inproceedings{MachairasDecenciereWalter:2014,
    author = {V. Machairas and E. Decenci{\`{e}}re and T. Walter},
    title = {Waterpixels: Superpixels based on the watershed transformation},
    booktitle = ICIP,
    pages = {4343--4347},
    year = {2014},
    _month = {October},
    _address = {Paris, France},
}

% WP #2
@article{MachairesFaesselCardenasPenaChabardesWalterDecenciere:2015,
    author = {V. Machairas and M. Faessel and D. Cardenas{-}Pena and T. Chabardes and T. Walter and E. Decenci{\`{e}}re},
    title = {Waterpixels},
    journal = TIP,
    volume = {24},
    number = {11},
    pages = {3707--3716},
    year = {2015},
}

    % Mezer cited bz WP
    @Article{MarcoteguiMeyer:1997,
        author = {B. Marcotegui and F. Meyer},
        title = {Bottom-up Segmentation of Image Sequences for Coding},
        journal = ANNTEL,
        volume = {52},
        number = {7},
        pages = {397--407},
        year = {1997},
    }

% RW
@inproceedings{GradyFunkaLea:2004,
    author = {L. Grady and G. Funka{-}Lea},
    title = {Multi-label Image Segmentation for Medical Applications Based on Graph-Theoretic Electrical Potentials},
    booktitle = CVMMMBIA,
    pages = {230--245},
    year = {2004},
    _series = {Lecture Notes in Computer Science},
    _volume = {3117},
    _publisher = {Springer},
    _address = {Prague, Czech Republic},
    _month = {May},
}

    % RW #2
    @article{Grady:2006,
        author = {L. Grady},
        title = {Random Walks for Image Segmentation},
        journal = TPAMI,
        volume = {28},
        number = {11},
        pages = {1768--1783},
        year = {2006},
    }

% LRW
@article{ShenDuWangLi:2014,
    author = {J. Shen and Y. Du and W. Wang and X. Li},
    title = {Lazy Random Walks for Superpixel Segmentation},
    journal = TIP,
    volume = {23},
    number = {4},
    pages = {1451--1462},
    year = {2014},
}

% LSC
@inproceedings{LiChen:2015,
    author = {Z. Li and J. Chen},
    title = {Superpixel segmentation using Linear Spectral Clustering},
    booktitle = CVPR,
    pages = {1356--1363},
    year = {2015},
    _address = {Boston, Massachusetts},
    _month = {June},
}

% ERGC
@article{BuyssensGardinRuan:2014,
    author = {P. Buyssens and I. Gardin and S. Ruan},
    title = {Eikonal based region growing for superpixels generation: Application to semi-supervised real time organ segmentation in {CT} images},
    journal = IRBM,
    volume = {35},
    number = {1},
    pages = {20--26},
    year = {2014},
}


    % ERGC #2
    @inproceedings{BuyssensToutainElmoatazLezoray:2014,
        author = {P. Buyssens and M. Toutain and A. Elmoataz and O. L{\'{e}}zoray},
        title = {Eikonal-based vertices growing and iterative seeding for efficient graph-based segmentation},
        booktitle = ICIP,
        pages = {4368--4372},
        year = {2014},
        _month = {October},
        _address = {Paris, France},
    }

% ETPS
@inproceedings{YaoBobenFidlerUrtasun:2015,
    author = {J. Yao and M. Boben and S. Fidler and R. Urtasun},
    title = {Real-time coarse-to-fine topologically preserving segmentation},
    booktitle = CVPR,
    pages = {2947--2955},
    year  = {2015},
    _month = {June},
    _address = {Boston, Massachusetts},
}

% POISE
@inproceedings{HumayunLiRehg:2015,
    author = {A. Humayun, F. Li, J. M. Rehg},
    title = {The Middle Child Problem: Revisiting Parametric Min-cut and Seeds for Object Proposals},
    booktitle = ICCV,
    year = {2015},
    pages = {1600 -- 1608},
    _month = {December},
    _address = {Santiago, Chile},
}

% VC - VCells
@article{WangWang:2012,
    author = {J. Wang and X. Wang},
    title = {{VCells}: Simple and Efficient Superpixels Using Edge-Weighted Centroidal Voronoi Tessellations},
    journal = TPAMI,
    volume = {34},
    number = {6},
    pages = {1241--1247},
    year = {2012},
}

% ============================================================
% additional superpixel algorithms \/

@inproceedings{DuShenYuWang:2012,
	author = {Y. Du and J. Shen and X. Yu and D. Wang},
	booktitle = GHTCE,
	title = {Superpixels using random walker},
	year = {2012},
	pages = {62--63},
	_month = {November},
}

@inproceedings{DucournauRitalBrettoLaget:2010,
	author = {A. Ducournau and S. Rital and A. Bretto and B. Laget},
	booktitle = ISVC,
	title = {Hypergraph coarsening for image superpixelization},
	year = {2010},
	pages = {1--4},
	_month = {September},
}

@article{Lv:2015,
	author = {J. Lv},
	title = {An Improved SLIC Superpixels using Reciprocal Nearest Neighbor Clustering},
	journal = IJSIP,
	year = {2015},
	volume = {8},
	number = {5},
	pages = {239--248},
}

@inproceedings{KimZhangKangKo:2013,
	author = {K.-S. Kim and D. Zhang and M.-C. Kang and S.-J. Ko},
	booktitle = ISCE,
	title = {Improved simple linear iterative clustering superpixels},
	year = {2013},
	pages = {259--260},
	month = {June},
}

@inproceedings{RenShakhnarovich:2013,
	author = {Z. Ren and G. Shakhnarovich},
	title = {Image Segmentation by Cascaded Region Agglomeration},
	booktitle = CVPR,
	pages = {2011--2018},
	year = {2013},
	_address = {Portland, Oregon},
	_month = {June},
}

% Grid Seams
@inproceedings{SivaWong:2014,
	author = {P. Siva and A. Wong},
	booktitle = {Computer and Robot Vision, Conference on},
	title = {Grid Seams: A Fast Superpixel Algorithm for Real-Time Applications},
	year = {2014},
	pages = {127--134},
	_month = {May},
}

% Efficient Image Segmentation Using Pairwise Pixel Similarities
@incollection{RohkohlEngel:2007,
	author = {C. Rohkohl and K. Engel},
	year = {2007},
	booktitle = DAGM,
	title = {Efficient Image Segmentation Using Pairwise Pixel Similarities},
	pages = {254--263},
	_volume = {4713},
	_series = {Lecture Notes in Computer Science},
	_publisher = {Springer Berlin Heidelberg},
}

% Superpixels Using Morphology
@inproceedings{MalladiRamRodriguez:2014,
	author = {S. R. S. P. Malladi and S. Ram and J. J. Rodriguez},
	booktitle = SSIAI,
	title = {Superpixels using morphology for rock image segmentation},
	year = {2014},
	pages = {145--148},
	_month = {April},
}

% Homogeneous Superpixels (from Random Walks)
@inproceedings{PerbetStengerMaki:2012,
    author = {F. Perbet and A. Maki},
    title = {Homogeneous Superpixels from Random Walks},
    booktitle = {Machine Vision and Applications, Conference on},
    year = {2011},
    _month = {June},
    pages = {26-30},
    _address = {Nara, Japan},
}

% Geodesic Superpixels
@inproceedings{ZengWangWangGanZha:2011,
    author = {G. Zeng and P. Wang and J. Wang and R. Gan and H. Zha},
    title = {Structure-sensitive Superpixels via geodesic Distance},
    booktitle = ICCV,
    year = {2011},
    pages = {447--454},
    _month = {November},
    _address = {Barcelona, Spain},
}

% 3D geometry Enchanced Superpixels (3D SLIC/3DSLIC)
@inproceedings{YangGanGuiLiHou:2013,
    author = {J. Yang and Z. Gan and X. Gui and K. Li and C. Hou},
    title = {3-D Geometry Enhanced Superpixels for {RGB-D} Data},
    booktitle = PCM,
    pages = {35--46},
    year = {2013},
    _volume = {8294},
    _series = {Lecture Notes in Computer Science},
    _publisher = {Springer},
    _month = {December},
    _address = {Nanjing, China},
}

% 3D SLIC variant
@inproceedings{ZhangKanSchwingUrtasun:2013,
  author = {J. Zhang and C. Kan and A. G. Schwing and R. Urtasun},
  title = {Estimating the 3D Layout of Indoor Scenes and Its Clutter from Depth Sensors},
  booktitle = ICCV,
  pages = {1273--1280},
  year = {2013},
  _month = {December},
  _address = {Sydney, Australia}
}

% Medial Superpixels
@inproceedings{EngelSpinelloTriebelSiegwartBulthoffCurio:2009,
    author = {D. Engel and L. Spinello and R. Triebel and R. Siegwart and H. H. B{\"{u}}lthoff and C. Curio},
    title = {Medial Features for Superpixel Segmentation},
    booktitle = MVA,
    pages = {248--252},
    year = {2009},
    _month = {May},
    _address = {Yokohama, Japan},
}

% Generative Superpixels
@inproceedings{MorerioMarcenaroRegazzoni:2014,
    author = {P. Morerio and L. Marcenaro and C. S. Regazzoni},
    booktitle = FUSION,
    title = {A generative superpixel method},
    year = {2014},
    pages = {1--7},
    _month = {July},
}

% Convexity Superpixels #1 CCS
@inproceedings{TasliCiglaGeversAlatan:2013,
    author = {H. E. Tasli and C. {\c{C}}igla and T. Gevers and A. A. Alatan},
    title = {Super pixel extraction via convexity induced boundary adaptation},
    booktitle = ICME,
    pages = {1--6},
    year = {2013},
    _month = {July},
    _address = {San Jose, California},
}

    % Convexity Superpixels #2 CCS
    @article{TasliCiglaAlatan:2015,
        author = {H. E. Tasli and C. Cigla and A. A. Alatan},
        title = {Convexity constrained efficient superpixel and supervoxel extraction},
        journal = SPIC,
        volume = {33},
        pages = {71--85},
        year = {2015},
    }

% Simply Connected Superpixels
@inproceedings{FreifeldLiFisher:2015,
  author = {O. Freifeld and Y. Li and J. W. Fisher},
  title = {A fast method for inferring high-quality simply-connected superpixels},
  booktitle = ICIP,
  pages = {2184--2188},
  year = {2015},
  _month = {September},
  _address = {Quebec City, Canada},
}

% ============================================================
% related work \/

﻿@Inbook{Stutz:2015,
	author = {D. Stutz},
	editor = {J. Gall and P. Gehler and B. Leibe},
	chapter = {Superpixel Segmentation: An Evaluation},
	title = GCPR,
	year = {2015},
	pages = {555--562},
	_address = {Aachen},
	_month = {October},
}

% Compactness Measure (CO)
@inproceedings{SchickFischerStiefelhagen:2012,
    author = {A. Schick and M. Fischer and R. Stiefelhagen},
    title = {Measuring and Evaluating the Compactness of Superpixels},
    booktitle = ICPR,
    year = {2012},
    pages = {930--934},
    _month = {November},
    _address = {Tsukuba, Japan},
}

% Superpixels Benchmark and Comparison
@inproceedings{NeubertProtzel:2012,
    author = {P. Neubert and P. Protzel},
    title = {Superpixel Benchmark and Comparison},
    booktitle = {Forum Bildverarbeitung},
    year = {2012},
    _month = {November},
    _address = {Regensburg, Germany},
}

% SLIC Compared to State-Of-The-Art
@article{AchantaShajiSmithLucchiFuaSuesstrunk:2012,
    author = {R. Achanta and A. Shaji and K. Smith and A. Lucchi and P. Fua and S. S{\"u}sstrunk},
    title = {{SLIC} Superpixels Compared to State-of-the-Art Superpixel Methods},
    journal = TPAMI,
    volume = {34},
    number = {11},
    year = {2012},
    _month = {November},
    pages = {2274-2281},
}

    % Semantic Segmentation
    % GouldRodgersCohenElidanKoller:2008,GonfausBoschVanDeWeijerBagdanovSerratGonzalez:2010

% Evaluating Superpixels in Video
@inproceedings{NeubertProtzel:2013,
    author = {P. Neubert and P. Protzel},
    title = {Evaluating Superpixels in Video: Metrics Beyond Figure-Ground Segmentation},
    booktitle = {British Machine Vision Conference},
    year = {2013},
    _month = {September},
    _address = {Bristol, United Kingdom},
}

% Evaluating Superpixels using Interest Points
@inproceedings{KoniuszMikolajczyk:2009,
    author = {P. Koniusz and K. Mikolajczyk},
    title = {Segmentation Based Interest Points and Evaluation of Unsupervised Image Segmentation Methods},
    booktitle = BMVC,
    pages = {1--11},
    year = {2009},
    _month = {September},
    _address = {London, United Kingdom},
}

% ============================================================
% metrics \/

% Precision-Recall Framework
@article{MartinFowlkesMalik:2004,
	author = {D. Martin and C. Fowlkes and J. Malik},
	journal = TPAMI,
	title = {Learning to detect natural image boundaries using local brightness, color, and texture cues},
	year = {2004},
	volume = {26},
	number = {5},
	pages = {530--549},
	_month = {May},
}

% Undersegmentation Error Levin
% LevinshteinStereKutulakosFleetDickinsonSiddiqi:2009

% Undersegmentation Error Achanta
% AchantaShajiSmithLucchiFuaSuesstrunk:2012

% Undersegmentation Error NP
% NeubertProtzel:2012

% Compactness
% SchickFischerStiefelhagen:2012

% Explained Variation
% MoorePrinceWarrellMohammedJones:2008

% Intra-Cluster Variation
% BenesovaKottman:2014

% Mean Distance to Edge
% BenesovaKottman:2014

% Contour Density
% MachairasDecenciereWalter:2014, BuyssensToutainElmoatazLezoray:2014

% ============================================================
% datasets \/

% BSDS300
@inproceedings{MartinFowlkesTalMalik:2001,
    author = {D. Martin and C. Fowlkes and D. Tal and J. Malik},
    title = {A Database of Human Segmented Natural Images and Its Application to Evaluating Segmentation Algorithms and Measuring Ecological Statistics},
    booktitle = ICCV,
    volume = {2},
    year = {2001},
    pages = {416--423},
    _month = {July},
    _address = {Vancouver, Canada},
}

% BSDS500
% OWT-UCM
@article{ArbelaezMaireFowlkesMalik:2011,
	author = {P. Arbel{\'a}ez and M. Maire and C. Fowlkes and J. Malik},
	journal = TPAMI,
	title = {Contour Detection and Hierarchical Image Segmentation},
	year = {2011},
	volume = {33},
	number = {5},
	pages = {898-916},
	_month = {May},
}

% NYU Depth V1
@inproceedings{SilbermanFergus:2011,
	author = {N. Silberman and R. Fergus},
	booktitle = ICCVW,
	title = {Indoor scene segmentation using a structured light sensor},
	year = {2011},
	pages = {601--608},
	_month = {November},
	_address = {Barcelona, Spain},
}

% NYU Depth V2
% Application of OWT-UCM
@inproceedings{SilbermanHoiemKohliFergus:2012,
 	author = {N. Silberman and D. Hoiem and P. Kohli and R. Fergus},
 	title = {Indoor Segmentation and Support Inference from {RGBD} Images},
 	booktitle = ECCV,
 	year = {2012},
 	pages = {746--760},
 	_volume = {7576},
 	_series = {Lecture Notes in Computer Science},
 	_publisher = {Springer Berlin Heidelberg},
}

    % Ren and Bo
    @inproceedings{RenBo:2012,
        author = {X. Ren and L. Bo},
        title = {Discriminatively Trained Sparse Code Gradients for Contour Detection},
        booktitle = NIPS,
        pages  = {593--601},
        year = {2012},
        _month = {December},
        _address = {Lake Tahoe, Nevada},
    }

% Sintel
@inproceedings{ButlerWulffStanleyBlack:2012,
    author = {D. J. Butler and J. Wulff and G. B. Stanley and M. J. Black},
    title = {A Naturalistic Open Source Movie for Optical Flow Evaluation},
    booktitle = ECCV,
    pages = {611--625},
    year = {2012},
    _series = {Lecture Notes in Computer Science},
    _volume = {7577},
    _publisher = {Springer},
    _address = {Lorence, Italy},
    _month = {October},
}

% SBD
@inproceedings{GouldFultonKoller:2009,
    author = {S. Gould and R. Fulton and D. Koller},
    title = {Decomposing a scene into geometric and semantically consistent regions},
    booktitle = ICCV,
    pages = {1--8},
    year = {2009},
    _month = {September},
    _address = {Kyoto, Japan},
}

    % LabelMe
    @article{RussellTorralbaMurphyFreeman:2008,
        author = {B. C. Russell and A. Torralba and K. P. Murphy and W. T. Freeman},
        title = {LabelMe: {A} Database and Web-Based Tool for Image Annotation},
        journal = IJCV,
        volume = {77},
        number = {1-3},
        pages = {157--173},
        year = {2008},
    }

    % MSRC
    @misc{Criminisi:2004,
        author = {A. Criminisi},
        title = {Microsoft Research Cambridge Object Recognition Image Database},
        howpublished = {\url{http://research.microsoft.com/en-us/projects/objectclassrecognition/}},
        year = {2004},
    }

    % VOC
    @misc{EveringhamVanGoolWilliamsWinnZisserman:2007,
	    author = {M. Everingham, L. and L. van Gool and C. K. I. Williams and J. Winn and A. Zisserman},
	    title = {The {PASCAL} {V}isual {O}bject {C}lasses {C}hallenge 2007 {(VOC2007)} {R}esults},
	    howpublished = {\url{http://www.pascal-network.org/challenges/VOC/voc2007/workshop/index.html}},
	}

	% Geometric Context
	@article{HoiemEfrosHebert:2007,
        author = {D. Hoiem and A. A. Efros and M. Hebert},
        title = {Recovering Surface Layout from an Image},
        journal = IJCV,
        volume = {75},
        number = {1},
        pages = {151--172},
        year = {2007},
    }
    
    % ImageNet
    @inproceedings{DengDongSocherLiLiFeiFei:2009,
        author = {J. Deng and W. Dong and R. Socher and L.-J. Li and K. Li and L. Fei-Fei},
        title = {{ImageNet: A Large-Scale Hierarchical Image Database}},
        booktitle = CVPR,
        year = {2009},
    }
    
    % MS COCO
    @article{LinMairebelongieBourdevGirshickHaysPeronaRamananDollarZitnick:2014,
  		author = {T.-Y. Lin and M. Maire and S. J. Belongie and L. D. Bourdev and R. B. Girshick and J. Hays and P. Perona and D. Ramanan and P. Doll{\'{a}}r and C. L. Zitnick},
  		title = {Microsoft {COCO:} Common Objects in Context},
  		journal = CORR,
  		volume = {abs/1405.0312},
  		year = {2014},
	}
% SUNRGBD
@inproceedings{SongLichtenbergXiao:2015,
    author = {S. Song and S. P. Lichtenberg and J. Xiao},
    title = {{SUN} {RGB-D:} {A} {RGB-D} scene understanding benchmark suite},
    booktitle = CVPR,
    pages = {567--576},
    year = {2015},
    _month = {June},
    _address = {Boston, Massachusetts},
}

    % B3DO
    @inproceedings{JanochKarayevJiaBarronFritzSaenkoDarrell:2011,
        author = {A. Janoch and S. Karayev and Y. Jia and J. T. Barron and M. Fritz and K. Saenko and T. Darrell},
        title = {A category-level 3-D object dataset: Putting the Kinect to work},
        booktitle = ICCVW,
        pages = {1168--1174},
        year = {2011},
        _month = {November},
        _address = {Barcelona, Spain},
    }

    % SUN 3D
    @inproceedings{XiaoOwensTorralba:2013,
        author = {J. Xiao and A. Owens and A. Torralba},
        title = {{SUN3D:} {A} Database of Big Spaces Reconstructed Using SfM and Object Labels},
        booktitle = ICCV,
        pages = {1625--1632},
        year = {2013},
        _month = {December},
        _address = {Sydney, Australia},
    }

% Fashionista
@inproceedings{YamaguchiKiapourOrtizBerg:2012,
    author    = {K. Yamaguchi and M. H, Kiapour and L. E. Ortiz and T. L. Berg},
    title = {Parsing clothing in fashion photographs},
    booktitle = CVPR,
    pages = {3570--3577},
    year = {2012},
    _month = {June},
    _address = {Providence, Rhode Island},
}

% ============================================================
% applications \/

% Object Proposals
@inproceedings{ArbelaezPontTusetBarronMarquesMalik:2014,
  	author = {P. Andr{\'{e}}s Arbel{\'{a}}ez and J. Pont{-}Tuset and J. T. Barron and F. Marqu{\'{e}}s and J. Malik},
  	title = {Multiscale Combinatorial Grouping},
  	booktitle = CVPR,
  	pages = {328--335},
  	year = {2014},
  	_month = {June},
  	_address = {Columbus, Ohio},
}

@inproceedings{RantalankilaKannalaRahtu:2014,
  	author = {P. Rantalankila and J. Kannala and E. Rahtu},
  	title = {Generating Object Segmentation Proposals Using Global and Local Search},
  	booktitle = CVPR,
  	pages = {2417--2424},
  	year = {2014},
  	_month = {June},
  	_address = {Columbus, Ohio},
}

% Semantic Segmentation
@inproceedings{LermaKosecka:2014,
	author = {C. D. C. Lerma and J. Kosecka},
  	title = {Semantic segmentation with heterogeneous sensor coverages},
  	booktitle = ICRA,
  	pages = {2639--2645},
  	year = {2014},
  	_month = {June},
  	_address = {Hong Kong, China},
}

% Optical Flow
@article{LuYangMinDo:2013,
	author = {J. Lu and H. Yang and D. Min and M. N. Do},
	title = {Patch Match Filter: Efficient Edge-Aware Filtering Meets Randomized Search for Fast Correspondence Field Estimation},
	journal = CVPR,
	year = {2013},
	pages = {1854-1861},
	_address = {Los Alamitos, California},
}

% Clothes Parsing
@inproceedings{DongChenXiahuangYan:2013,
	author = {J. Dong and Q. Chen and W. Xia and Z. Huang and S. Yan},
  	title = {A Deformable Mixture Parsing Model with Parselets},
  	booktitle = ICCV,
  	pages = {3408--3415},
  	year = {2013},
	_month = {December},
	_address = {Sydney, Australia},
}

% Indoor Scene Understanding
@inproceedings{GeigerWang:2015,
	author = {A. Geiger and C. Wang},
	title  = {Joint 3D Object and Layout Inference from a Single {RGB-D} Image},
	booktitle = GCPR,
	pages = {183--195},
	year = {2015},
	_month = {October},
	_address = {Aachen, Germany},
}

@article{GuptaArbelaezGirshickMalik:2015,
  author = {S. Gupta and P. Andr{\'{e}}s Arbel{\'{a}}ez and R. B. Girshick and J. Malik},
  title = {Indoor Scene Understanding with {RGB-D} Images: Bottom-up Segmentation, Object Detection and Semantic Segmentation},
  journal = IJCV,
  volume = {112},
  number = {2},
  pages = {133--149},
  year = {2015},
}

@inproceedings{LinFidlerUrtasun:2013,
  	author = {D. Lin and S. Fidler and R. Urtasun},
  	title = {Holistic Scene Understanding for 3D Object Detection with {RGBD} Cameras},
  	booktitle = ICCV,
  	pages = {1417--1424},
  	year = {2013},
  	_month = {December},
  	_address = {Sydney, Australia},
}

% Scene Flow
@inproceedings{MenzeGeiger:2015,
	author = {M. Menze and A. Geiger},
	title = {Object scene flow for autonomous vehicles},
	booktitle = CVPR,
	pages = {3061--3070},
	year = {2015},
	address = {Boston, Massachusetts},
	month = {June},
}

% Superpixel Tracking
@inproceedings{ShuWangHuchuanLuFanYangMingHsuanYang:2011,
	author = {S. Wang and H. Lu and F. Yang and M.-H. Yang},
	booktitle = ICCV,
	title = {Superpixel tracking},
	year = {2011},
	pages = {1323--1330},
	_month = {November},
	_address = {Barcelona, Spain},
}

% Robust Superpixel Tracking
@article{FanYangHuchuanLuMingHsuanYang:2014,
	author = {F. Yang and H. Lu and M.-H. Yang},
	journal = TIP,
	title = {Robust Superpixel Tracking},
	year = {2014},
	volume = {23},
	number = {4},
	pages = {1639--1651},
	_month = {April},
}

% Stereo and Occlusion
@inproceedings{YuhangZhangHartleyMashfordBurn:2011,
	author = {Yuhang Zhang and R. Hartley and J. Mashford and S. Burn},
	booktitle = DICTA,
	title = {Superpixels, Occlusion and Stereo},
	year = {2011},
	_month = {December},
	pages = {84--91},
	_address = {Noosa, Australia},
}

% SuperParsing
@incollection{TigheLazebnik:2010,
	author = {J. Tighe and S. Lazebnik},
	booktitle = ECCV,
	title = {{SuperParsing}: Scalable Nonparametric Image Parsing with Superpixels},
	year = {2010},
	pages = {352--365},
	_volume = {6315},
	_series = {Lecture Notes in Computer Science},
	_publisher = {Springer Berlin Heidelberg},
}

% VideoSEEDS
@inproceedings{VanDenBerghRoigBoixManenVanGool:2013,
	author = {M. van den Bergh and G. Roig and X. Boix and S. Manen and L. van Gool},
	booktitle = ICCV,
	title = {Online Video SEEDS for Temporal Window Objectness},
	year = {2013},
	pages = {377--384},
	_month = {December},
	_address = {Sydney, Australia},
}

% Video FH
@inproceedings{GrundmannKwatraHanEssa:2010,
	author = {M. Grundmann and V. Kwatra and M. Han and I. A. Essa},
	title = {Efficient hierarchical graph-based video segmentation},
	booktitle = CVPR,
	pages = {2141--2148},
	year = {2010},
	_address = {San Francisco, California},
	_month = {June},
}

% Depth Recovering (SEEDS)
@inproceedings{VanDenBerghCartonVanGool:2013,
    author = {M. Van den Bergh and D. Carton and L. van Gool},
    title = {Depth {SEEDS:} Recovering incomplete depth data using superpixels},
    booktitle = WACV,
    pages = {363--368},
    year = {2013},
    _month = {January},
    _address = {Clearwater Beach, Florida},
}

% Joint Segmentation, ... and Flow
@inproceedings{YamaguchiMcAllesterUrtasun:2014,
    author = {K. Yamaguchi and D. A. McAllester and R. Urtasun},
    title = {Efficient Joint Segmentation, Occlusion Labeling, Stereo and Flow Estimation},
    booktitle = ECCV,
    pages = {756--771},
    year = {2014},
    _series = {Lecture Notes in Computer Science},
    _volume = {8693},
    _publisher = {Springer},
    _month = {September},
    _address = {Zurich, Switzerland},
}

% Saliency
@inproceedings{PerazziKrahenbuhlPritchhornung:2012,
    author = {F. Perazzi and P. Kr{\"{a}}henb{\"{u}}hl and Y. Pritch and A. Hornung},
    title = {Saliency filters: Contrast based filtering for salient region detection},
    booktitle = CVPR,
    pages = {733--740},
    year = {2012},
    _month = {June},
    _address = {Providence, Rhode Island},
}

@article{HeLauLiuHuangYang:2015,
	author = {S. He and R. W. H. Lau and W. Liu and Z. Huang and Q. Yang},
  	title= {SuperCNN: {A} Superpixelwise Convolutional Neural Network for Salient Object Detection},
  	journal = IJCV,
  	volume = {115},
  	number = {3},
  	pages = {330--344},
  	year = {2015},
}

% Semantic Segmentation using Relative Locations
@article{GouldRodgersCohenElidanKoller:2008,
    author = {S. Gould and J. Rodgers and D. Cohen and G. Elidan and D. Koller},
    title = {Multi-Class Segmentation with Relative Location Prior},
    journal = IJCV,
    volume = {80},
    number = {3},
    pages = {300--316},
    year = {2008},
}

% Semantic Segmentation
@inproceedings{GonfausBoschVanDeWeijerBagdanovSerratGonzalez:2010,
    author = {J. M. Gonfaus and X. B. Bosch and J. van de Weijer and A. D. Bagdanov and J. Serrat and J. Gonz{\`{a}}lez},
    title = {Harmony potentials for joint classification and segmentation},
    booktitle = CVPR,
    pages = {3280--3287},
    year = {2010},
    _month = {June},
    _address = {San Francisco, Californa},
}

% 3D Reconstruction of single image
@article{HoiemEfrosHebert:2005,
    author = {D. Hoiem and A. A. Efros and M. Hebert},
    title = {Automatic photo pop-up},
    journal = TOG,
    volume = {24},
    number = {3},
    pages = {577--584},
    year = {2005},
}

% Human Body Configuration
@inproceedings{MoriRenEfrosMalik:2004,
    autho = {G. Mori and X. Ren and A. A. Efros and J. Malik},
    title = {Recovering Human Body Configurations: Combining Segmentation and Recognition},
    booktitle = CVPR,
    pages  = {326--333},
    year = {2004},
}

% Occlusion Boundaries
@inproceedings{HoiemSteinEfrosHebert:2007,
    author = {D. Hoiem and A. N. Stein and A. A. Efros and M. Hebert},
    title = {Recovering Occlusion Boundaries from a Single Image},
    booktitle = ICCV,
    pages = {1--8},
    year = {2007},
    _month = {October},
    _address = {Rio de Janeiro, Brazil},
}

% Superpixel Neighborhoods (QuickShift) for Semantic Segmentation/One-Class Localization
@inproceedings{FulkersonVedaldiSoatto:2009,
  author = {B. Fulkerson and A. Vedaldi and S. Soatto},
  title = {Class segmentation and object localization with superpixel neighborhoods},
  booktitle = ICCV,
  pages = {670--677},
  year = {2009},
  _month = {September},
  _address = {Kyoto, Japan},
}

% Segmentation of SBFSEM Volume Data of Neural Tissue (Watershed)
@inproceedings{AndresKotheHelmstaedterDenkHamprecht:2008,
  author = {B. Andres and U. K{\"{o}}the and M. Helmstaedter and W. Denk and F. A. Hamprecht},
  title = {Segmentation of {SBFSEM} Volume Data of Neural Tissue by Hierarchical Classification},
  booktitle = DAGM,
  pages = {142--152},
  year = {2008},
  _month = {June},
  _address = {Munich, June},
}

% EMD using Superpixels
@inproceedings{BoltzNielsenSoatto:2010,
    author = {S. Boltz and F. Nielsen and S. Soatto},
    title = {Earth Mover Distance on superpixels},
    booktitle = ICIP,
    pages = {4597--4600},
    year = {2010},
    _month = {September},
    _address = {Hong Kong, China},
}

% Fasion Parsing / DataSet Generation/Labeling
@article{LiuFengDomokosXuHuangHuYan:2014,
    author = {S. Liu and J. Feng and C. Domokos and H. Xu and J. Huang and Z. Hu and S. Yan},
    title = {Fashion Parsing With Weak Color-Category Labels},
    journal = TM,
    volume = {16},
    number = {1},
    pages = {253--265},
    year = {2014},
}

% Depth Estimation using CNNs
@article{LiuShenLin:2014,
    author = {F. Liu and C. Shen and G. Lin},
    title = {Deep Convolutional Neural Fields for Depth Estimation from a Single Image},
    journal = CORR,
    year = {2014},
    volume = {abs/1411.6387},
}

% Depth Estimation NYU
@inproceedings{LiuSalzmannHe:2014,
  author = {M. Liu and M. Salzmann and X. He},
  title = {Discrete-Continuous Depth Estimation from a Single Image},
  booktitle = CVPR,
  pages = {716--723},
  year = {2014},
  _month = {June},
  _address = {Columbis, Ohio},
}

% CNNs and Superpixels for (Semantic) Segmentation
@article{GaddeJampaniKiefelGehler:2015,
    author = {R. Gadde and V. Jampani and M. Kiefel and P. V. Gehler},
    title = {Superpixel Convolutional Networks using Bilateral Inceptions},
    journal = CORR,
    volume = {abs/1511.06739},
    year = {2015},
}

% Medical Image Retrieval
@inproceedings{HaasDonnerBurnerHolzerLangs:2011,
    author = {S. Haas and R. Donner and A. Burner and M. Holzer and G. Langs},
    title = {Superpixel-Based Interest Points for Effective Bags of Visual Words Medical Image Retrieval},
    booktitle = MICCAI,
    pages = {58--68},
    year = {2011},
    _month = {September},
    _address = {Toronto, Canada},
}

% Medical Segmentation of EM Images
@inproceedings{LucchiSmithAchantaLepetitFua:2010,
    author = {A. Lucchi and K. Smith and R. Achanta and V. Lepetit and P. Fua},
    title = {A Fully Automated Approach to Segmentation of Irregularly Shaped Cellular Structures in {EM} Images},
    booktitle = MICCAI,
    pages = {463--471},
    year = {2010},
    _month = {September},
    _address = {Beijing, China},
}

% Medical Segmentation of EM Image Stacks
@article{LucchiSmithAchantaKnottFua:2012,
    author = {A. Lucchi and K. Smith and R. Achanta and G. Knott and P. Fua},
    title = {Supervoxel-Based Segmentation of Mitochondria in {EM} Image Stacks With Learned Shape Features},
    journal = TMI,
    volume = {31},
    number = {2},
    pages = {474--486},
    year = {2012},
}

% Supervoxels / Extensions to Video
@inproceedings{XuCorso:2012,
    author = {C. Xu and J. J. Corso},
    title = {Evaluation of super-voxel methods for early video processing},
    booktitle = CVPR,
    pages = {1202--1209},
    year = {2012},
    _month = {June},
    _address = {Providence, Rhode Island},
}

% Object Detection
@inproceedings{YanYuZhuLeiLi:2015,
    author = {J. Yan and Y. Yu and X. Zhu and Z. Lei and S. Z. Li},
    title = {Object detection by labeling superpixels},
    booktitle = CVPR,
    pages = {5107--5116},
    year = {2015},
    _month = {June},
    _address = {Boston, Massachusetts},
}

% Object Detection (SLIC)
@inproceedings{ShuDehghanShah:2013,
    author = {G. Shu and A. Dehghan and M. Shah},
    title = {Improving an Object Detector and Extracting Regions Using Superpixels},
    booktitle = CVPR,
    pages = {3721--3727},
    year = {2013},
    _month = {June},
    _address = {Portland, Oregon},
}

% Hyperspectral Imagenary
@inproceedings{MassoudifarRangarajanGader:2014,
    author = {P. Massoudifar and A. Rangarajan and P. D. Gader},
    title = {Superpixel Estimation for Hyperspectral Imagery},
    booktitle = CVPR,
    pages = {287--292},
    year = {2014},
    _month = {June},
    _address = {Columbus, Ohio},
}

% 3D Reconsutrction / Multi-View Stereo
@inproceedings{BodisSzomoruRiemenschneiderVanGool:2015,
    author = {A. B{\'{o}}dis{-}Szomor{\'{u}} and H. Riemenschneider and L. van Gool},
    title = {Superpixel meshes for fast edge-preserving surface reconstruction},
    booktitle = CVPR,
    pages = {2011--2020},
    year = {2015},
    _month = {June},
    _address = {Boston, Massachusetts},
}

% ============================================================
% libraries \/

% Point Cloud Library
@inproceedings{RusuCousins:2011,
  	author = {R. B. Rusu and S. Cousins},
  	title = {{3D is here: Point Cloud Library (PCL)}},
  	booktitle = ICRA,
  	_month = {May},
  	year = {2011},
  	_address = {Shanghai, China},
}

% VLFeat Library
@misc{VedaldiFulkerson:2008,
 	author = {A. Vedaldi and B. Fulkerson},
 	title = {{VLFeat}: An Open and Portable Library of Computer Vision Algorithms},
 	year  = {2008},
 	howpublished = {\url{http://www.vlfeat.org/}},
}

% OpenCV
@article{Bradski:2000,
	author = {G. Bradski},
	journal = {Dr. Dobb's Journal of Software Tools},
	posted-at = {2008-01-15 19:21:54},
	title = {{The OpenCV Library}},
	year = {2000},
	note = {\url{http://opencv.org/}},
}

% ============================================================
% edges \/

% Canny
@article{Canny:1986,
    author  = {J. Canny},
    title = {A Computational Approach to Edge Detection},
    journal = TPAMI,
    volume = {8},
    number = {6},
    pages = {679--698},
    year = {1986},
}

% Dollar
@inproceedings{DollarZitnick:2013,
    author = {P. Doll{\'{a}}r and C. L. Zitnick},
    title = {Structured Forests for Fast Edge Detection},
    booktitle = ICCV,
    pages = {1841--1848},
    year = {2013},
    _month = {December},
    _address = {Sydney, Australia},
}

% pB
% ArbelaezMaireFowlkesMalik:2011

% ============================================================
% misc \/

@article{Demsar:2006,
  	author = {J. Demsar},
  	title = {Statistical Comparisons of Classifiers over Multiple Data Sets},
  	journal = JMLR,
  	volume = {7},
  	pages = {1--30},
  	year = {2006},
}

@inproceedings{DollarWojekSchielePerona:2009,
	author = {P. Doll{\'{a}}r and C. Wojek and B. Schiele and P. Perona},
	title = {Pedestrian detection: {A} benchmark},
	booktitle = CVPR,
    _address = {Miami, Florida},
    _month = {June},
	pages = {304--311},
	year = {2009},
}
